<?xml version="1.0" encoding="UTF-8"?><collection xmlns="http://www.loc.gov/MARC21/slim"><record><leader>00456nam--2200109-i-4500</leader><controlfield tag="001">000032201</controlfield><controlfield tag="002">20161230</controlfield><controlfield tag="005">20161230201039</controlfield><controlfield tag="008">060222s1000------------r-----000-0-eng-d</controlfield><datafield ind1=" " ind2=" " tag="245"><subfield code="a">Maximum permissible body burdens and maximum permissible concentrations of radionuclides in air and in water for occupational exposure. recommendations of the national committee on radiation protection</subfield></datafield><datafield ind1=" " ind2=" " tag="260"><subfield code="a">Washington, U.S.Government Print.Office, 1959, 95p</subfield></datafield><datafield ind1=" " ind2=" " tag="852"><subfield code="a">16122</subfield></datafield></record></collection>